@article{owen1988empirical,
  title={Empirical likelihood ratio confidence intervals for a single functional},
  author={Owen, Art B},
  journal={Biometrika},
  volume={75},
  number={2},
  pages={237--249},
  year={1988},
  publisher={Biometrika Trust}
}

@book{owen2010empirical,
  title={Empirical likelihood},
  author={Owen, Art B},
  year={2010},
  publisher={CRC press}
}

@article{lazar2003bayesian,
  title={Bayesian empirical likelihood},
  author={Lazar, Nicole A},
  journal={Biometrika},
  volume={90},
  number={2},
  pages={319--326},
  year={2003},
  publisher={Biometrika Trust}
}

@article{johnson1970asymptotic,
  title={Asymptotic expansions associated with posterior distributions},
  author={Johnson, Richard A},
  journal={The Annals of Mathematical Statistics},
  volume={41},
  number={3},
  pages={851--864},
  year={1970},
  publisher={Institute of Mathematical Statistics}
}

@article{flanders1974correction,
  title={Correction to" Differentiation Under the Integral Sign"},
  author={Flanders, Harley},
  journal={American Mathematical Monthly},
  pages={145--145},
  year={1974},
  publisher={JSTOR}
}

@article{schennach2005bayesian,
  title={Bayesian exponentially tilted empirical likelihood},
  author={Schennach, Susanne M},
  journal={Biometrika},
  volume={92},
  number={1},
  pages={31--46},
  year={2005},
  publisher={Biometrika Trust}
}
@article{baggerly1998empirical,
  title={Empirical likelihood as a goodness-of-fit measure},
  author={Baggerly, Keith A},
  journal={Biometrika},
  volume={85},
  number={3},
  pages={535--547},
  year={1998},
  publisher={Biometrika Trust}
}

@article{hartley1968new,
  title={A new estimation theory for sample surveys},
  author={Hartley, Herman O and Rao, JNK},
  journal={Biometrika},
  volume={55},
  number={3},
  pages={547--557},
  year={1968},
  publisher={Biometrika Trust}
}
@article{rubin1981bayesian,
  title={The bayesian bootstrap},
  author={Rubin, Donald B and others},
  journal={The Annals of Statistics},
  volume={9},
  number={1},
  pages={130--134},
  year={1981},
  publisher={Institute of Mathematical Statistics}
}

@article{schennach2007point,
  title={Point estimation with exponentially tilted empirical likelihood},
  author={Schennach, Susanne M and others},
  journal={The Annals of Statistics},
  volume={35},
  number={2},
  pages={634--672},
  year={2007},
  publisher={Institute of Mathematical Statistics}
}

@article{ghosh1982expansions,
  title={Expansions for posterior probability and integrated Bayes risk},
  author={Ghosh, Jayanta K and Sinha, BK and Joshi, SN},
  journal={Statistical Decision Theory and Related Topics III},
  volume={1},
  pages={403--456},
  year={1982},
  publisher={Academic Press, New York}
}

@article{vexler2014posterior,
  title={Posterior expectation based on empirical likelihoods},
  author={Vexler, A and Tao, G and Hutson, AD},
  journal={Biometrika},
  volume={101},
  number={3},
  pages={711--718},
  year={2014},
  publisher={Biometrika Trust}
}
@article{fang2006empirical,
  title={Empirical-type likelihoods allowing posterior credible sets with frequentist validity: Higher-order asymptotics},
  author={Fang, Kai-Tai and Mukerjee, Rahul},
  journal={Biometrika},
  volume={93},
  number={3},
  pages={723--733},
  year={2006},
  publisher={Biometrika Trust}
}
@article{fang2005expected,
  title={Expected lengths of confidence intervals based on empirical discrepancy statistics},
  author={Fang, Kai-Tai and Mukerjee, Rahul},
  journal={Biometrika},
  volume={92},
  number={2},
  pages={499--503},
  year={2005},
  publisher={Biometrika Trust}
}

@article{thomas1975confidence,
  title={Confidence interval estimation of survival probabilities for censored data},
  author={Thomas, David R and Grunkemeier, Gary L},
  journal={Journal of the American Statistical Association},
  volume={70},
  number={352},
  pages={865--871},
  year={1975},
  publisher={Taylor \& Francis}
}
@article{ghosh2011moment,
  title={Moment matching priors},
  author={Ghosh, Malay and Liu, Ruitao},
  journal={Sankhya A},
  volume={73},
  number={2},
  pages={185--201},
  year={2011},
  publisher={Springer}
}

@article{cornuet2008inferring,
  title={Inferring population history with DIY ABC: a user-friendly approach to approximate Bayesian computation},
  author={Cornuet, Jean-Marie and Santos, Filipe and Beaumont, Mark A and Robert, Christian P and Marin, Jean-Michel and Balding, David J and Guillemaud, Thomas and Estoup, Arnaud},
  journal={Bioinformatics},
  volume={24},
  number={23},
  pages={2713--2719},
  year={2008},
  publisher={Oxford Univ Press}
}


@article{godambe1960optimum,
  title={An optimum property of regular maximum likelihood estimation},
  author={Godambe, Vidyadhar P},
  journal={The Annals of Mathematical Statistics},
  pages={1208--1211},
  year={1960},
  publisher={JSTOR}
}

@article{clarke2010reference,
	title={Reference priors for empirical likelihoods},
	author={Clarke, Bertrand and Yuan, Ao},
	journal={in Frontiers of Statistical Decision Making and Bayesian Analysis},
	pages={56--68},
	year={2010},
	publisher={Springer}
}

@article{ghosal1999asymptotic,
  title={Asymptotic normality of posterior distributions in high-dimensional linear models},
  author={Ghosal, Subhashis and others},
  journal={Bernoulli},
  volume={5},
  number={2},
  pages={315--331},
  year={1999},
  publisher={Bernoulli Society for Mathematical Statistics and Probability}
}

@article{ghosal2000asymptotic,
  title={Asymptotic normality of posterior distributions for exponential families when the number of parameters tends to infinity},
  author={Ghosal, Subhashis},
  journal={Journal of Multivariate Analysis},
  volume={74},
  number={1},
  pages={49--68},
  year={2000},
  publisher={Elsevier}
}

@article{vexler2014computing,
  title={Computing critical values of exact tests by incorporating monte carlo simulations combined with statistical tables},
  author={Vexler, Albert and Kim, Young Min and Yu, Jihnhee and Lazar, Nicole A and Hutson, Alan D},
  journal={Scandinavian Journal of Statistics},
  volume={41},
  number={4},
  pages={1013--1030},
  year={2014},
  publisher={Wiley Online Library}
}
